<collection xmlns="http://www.loc.gov/MARC21/slim">
<record>
  <leader>00897nam0a22001931i 450 </leader>
  <controlfield tag="001">IT\ICCU\CNCE\079348</controlfield>
  <controlfield tag="005">20170119000000.0</controlfield>
  <datafield tag="012" ind1=" " ind2=" ">
    <subfield code="a">s-in eado a.ie Qu3A (C) 1544 (R)</subfield>
    <subfield code="2">fei</subfield>
  </datafield>
  <datafield tag="100" ind1=" " ind2=" ">
    <subfield code="a">20170119d1544        0itac0103    ba</subfield>
  </datafield>
  <datafield tag="101" ind1=" " ind2=" ">
    <subfield code="a">ITA</subfield>
  </datafield>
  <datafield tag="102" ind1=" " ind2=" ">
    <subfield code="a">IT</subfield>
  </datafield>
  <datafield tag="200" ind1="1" ind2=" ">
    <subfield code="a">Opera noua composta per Ionusbei Bassa in lingua greca &amp; tradutta in italiana laquale \!! dechiara tutto il gouerno del gran Turcho &amp; tutta la spesa che il gran Thurco ha sotto di lui cosi in pace como in guerra &amp; il numero de le persone &amp; nome &amp; gouernodele sue donne &amp; garzoni che lui tene nel Serraglio serrati ... Nouamente stampata</subfield>
  </datafield>
  <datafield tag="210" ind1=" " ind2=" ">
    <subfield code="d">1544</subfield>
  </datafield>
  <datafield tag="215" ind1=" " ind2=" ">
    <subfield code="a">\12! c.</subfield>
    <subfield code="d">8ʻ</subfield>
  </datafield>
  <datafield tag="700" ind1=" " ind2="0">
    <subfield code="a">Yunus Bey</subfield>
    <subfield code="3">IT\ICCU\CNCA\030005</subfield>
  </datafield>
  <datafield tag="712" ind1="0" ind2="2">
    <subfield code="a">s.n.</subfield>
    <subfield code="3">IT\ICCU\CNCT\000002</subfield>
    <subfield code="4">650</subfield>
  </datafield>
  <datafield tag="790" ind1=" " ind2="0">
    <subfield code="a">Ionusbei Bassa</subfield>
    <subfield code="3">IT\ICCU\CNCA\030006</subfield>
    <subfield code="z">Yunus Bey</subfield>
  </datafield>
  <datafield tag="801" ind1=" " ind2="3">
    <subfield code="a">IT</subfield>
    <subfield code="b">ICCU</subfield>
    <subfield code="c">20201115</subfield>
  </datafield>
  <datafield tag="899" ind1=" " ind2=" ">
    <subfield code="a">Biblioteca Querini Stampalia. Venezia</subfield>
    <subfield code="1">VE0047</subfield>
    <subfield code="2">VEA QS</subfield>
  </datafield>
</record>
</collection>
